






@article{doi:10.1080/00401706.1962.10490022,
author = { B. P.   Welford },
title = {Note on a Method for Calculating Corrected Sums of Squares and Products},
journal = {Technometrics},
volume = {4},
number = {3},
pages = {419-420},
year  = {1962},
publisher = {Taylor & Francis},
doi = {10.1080/00401706.1962.10490022},

URL = { 
        https://www.tandfonline.com/doi/abs/10.1080/00401706.1962.10490022
    
},
eprint = { 
        https://www.tandfonline.com/doi/pdf/10.1080/00401706.1962.10490022
    
}

}

